@article{Riedel2000AutonomousReport,
    title = {{Autonomous Optical Navigation (AutoNav) DS1 technology validation report}},
    year = {2000},
    journal = {Deep Space 1 technology validation reports(A 01-26126 06-12), Pasadena, CA, Jet Propulsion Laboratory(JPL Publication 00-10), 2000},
    author = {Riedel, Joseph E. and Bhaskaran, Shyam and Desai, S and Hand, D and Kennedy, Brian M. and McElrath, T and Ryne, Mark S.},
    url = {https://pdfs.semanticscholar.org/5288/bb8fba3189cb2910bfb6aa303bbabf2f68ce.pdf}
}

@article{Pajusalu2019CharacterizationMapping,
    title = {{Characterization of Asteroids Using Nanospacecraft Flybys and Simultaneous Localization and Mapping}},
    year = {2019},
    author = {Pajusalu, Mihkel and Slavinskis, Andris and Slavinskis, Andris},
    pages = {1--10},
    isbn = {9781538668542}
}

@article{Kohout2018FeasibilityStudy,
    title = {{Feasibility of asteroid exploration using CubeSats—ASPECT case study}},
    year = {2018},
    journal = {Advances in Space Research},
    author = {Kohout, Tomas and N{\"{a}}sil{\"{a}}, Antti and Tikka, Tuomas and Granvik, Mikael and Kestil{\"{a}}, Antti and Penttil{\"{a}}, Antti and Kuhno, Janne and Muinonen, Karri and Viherkanto, Kai and Kallio, Esa},
    number = {8},
    month = {10},
    pages = {2239--2244},
    volume = {62},
    url = {https://linkinghub.elsevier.com/retrieve/pii/S027311771730546X},
    doi = {10.1016/j.asr.2017.07.036},
    issn = {02731177},
    keywords = {Binary asteroid, CubeSat, Didymos, Impact, Kinetic impactor, Planetary defense, Space weathering, Spectroscopy}
}

@article{NavigationIac-16-b4.8.4,
    title = {{Iac-16-b4.8.4}},
    author = {Navigation, Autonomous and Dynamics, Spaceflight and Pulsar, Milli-second X-ray and Orbit, Low Lunar and Navigation, Autonomous and Network, Deep Space and Autonav, Thus and Satellitesdsn, Small and Barad, Kuldeep},
    pages = {1--12}
}

@inproceedings{Segret2018In-flightCubeSat,
    title = {{In-flight orbit determination for a deep space CubeSat}},
    year = {2018},
    booktitle = {2018 IEEE Aerospace Conference},
    author = {Segret, Boris and Hestroffer, Daniel and Quinsac, Gary and Agnan, Marco and Vannitsen, Jordan and Mosser, Benoit},
    number = {1},
    month = {3},
    pages = {1--12},
    volume = {2018-March},
    publisher = {IEEE},
    url = {https://ieeexplore.ieee.org/document/8396756/},
    isbn = {978-1-5386-2014-4},
    doi = {10.1109/AERO.2018.8396756},
    issn = {1095323X}
}

@inproceedings{Slavinskis2018NanospacecraftSails,
    title = {{Nanospacecraft fleet for multi-asteroid touring with electric solar wind sails}},
    year = {2018},
    booktitle = {2018 IEEE Aerospace Conference},
    author = {Slavinskis, Andris and Janhunen, Pekka and Toivanen, Petri and Muinonen, Karri and Penttila, Antti and Granvik, Mikael and Kohout, Tomas and Gritsevich, Maria and Slavinskis, Andris and Pajusalu, Mihkel and Sunter, Indrek and Ehrpais, Hendrik and Dalbins, Janis and Iakubivskyi, Iaroslav and Eenmae, Tonis and Pajusalu, Mihkel and Ilbis, Erik and Ehrpais, Hendrik and Muinonen, Karri and Gritsevich, Maria and Mauro, David and Stupl, Jan and Rivkin, Andrew S. and Bottke, William F.},
    month = {3},
    pages = {1--20},
    volume = {2018-March},
    publisher = {IEEE},
    url = {https://ieeexplore.ieee.org/document/8396670/},
    isbn = {978-1-5386-2014-4},
    doi = {10.1109/AERO.2018.8396670},
    issn = {1095323X}
}

@article{Zuccarelli2013Gravmod-2:Bodies,
    title = {{Gravmod-2: A new tool for precise gravitational modeling of planetary moons and small bodies}},
    year = {2013},
    journal = {Advances in the Astronautical Sciences},
    author = {Zuccarelli, Valentino and Weikert, Sven and Cadenas, Raul and Huertas, Irene},
    number = {June},
    pages = {991--1005},
    volume = {149},
    isbn = {3012916195890},
    issn = {00653438}
}

@misc{openMVG,
    author = "Pierre Moulon and Pascal Monasse and Renaud Marlet and Others",
    title = "OpenMVG. An Open Multiple View Geometry library.",
    howpublished = "\url{https://github.com/openMVG/openMVG}"
}
  
@article{robitaille2013astropy,
  title={Astropy: A community Python package for astronomy},
  author={Robitaille, Thomas P and Tollerud, Erik J and Greenfield, Perry and Droettboom, Michael and Bray, Erik and Aldcroft, Tom and Davis, Matt and Ginsburg, Adam and Price-Whelan, Adrian M and Kerzendorf, Wolfgang E and others},
  journal={Astronomy \& Astrophysics},
  volume={558},
  pages={A33},
  year={2013},
  publisher={EDP Sciences}
}

@article{price2018astropy,
  title={The Astropy Project: Building an open-science project and status of the v2. 0 core package},
  author={Price-Whelan, Adrian M and Sip{\H{o}}cz, BM and G{\"u}nther, HM and Lim, PL and Crawford, SM and Conseil, S and Shupe, DL and Craig, MW and Dencheva, N and Ginsburg, A and others},
  journal={The Astronomical Journal},
  volume={156},
  number={3},
  pages={123},
  year={2018},
  publisher={IOP Publishing}
}

@article{bessel1979ubvri,
  title={UBVRI Photometry II},
  author={Bessel, MS},
  journal={Publ. Astron. Soc. Pac},
  volume={91},
  pages={543--589},
  year={1979}
}


@misc{timeit2020,
  title={timeit - Measure execution time of small code snippets},
  url={https://docs.python.org/3/library/timeit.html},
  journal={timeit - Measure execution time of small code snippets - Python 3.8.1 documentation},
  author={Python Software Foundation},
  note={accessed: 31.01.2020}
}

@misc{wirth,
  title={Astronomical Magnitude Systems},
  url={https://www.cfa.harvard.edu/~dfabricant/huchra/ay145/mags.html},
  journal={Astronomical Magnitude Systems},
  author={Wirth, Gregory D.},
  note={accessed: 30.01.2020}
}

@misc{openMVS,
  title = {OpenMVS: open Multi-View Stereo reconstruction library},
  month = {1},
  year = {2020},
  publisher = {GitHub},
  journal = {GitHub repository},
  howpublished = {\url{https://github.com/cdcseacave/openMVS}},
  commit = b55fa03b8162bec2b0f695e2ac2d92216953816b,
  note={accessed: 30.01.2020}
}

@Manual{blender,
   title = {Blender - a 3D modelling and rendering package},
   author = {Blender Online Community},
   organization = {Blender Foundation},
   address = {Stichting Blender Foundation, Amsterdam},
   year = {2020},
   url = {http://www.blender.org},
   note={accessed: 31.01.2020}
 }
 
 @article{zacharias2013fourthUCAC4,
  title={The fourth US naval observatory CCD astrograph catalog (UCAC4)},
  author={Zacharias, Norbert and Finch, CT and Girard, TM and Henden, Arne and Bartlett, JL and Monet, DG and Zacharias, MI},
  journal={The Astronomical Journal},
  volume={145},
  number={2},
  pages={44},
  year={2013},
  publisher={IOP Publishing}
}

@inproceedings{orekit,
  author = {Maisonobe, Luc and Pommier, Véronique and Parraud, Pascal},
  year = {2010},
  month = {04},
  pages = {},
  title = {Orekit: An open source library for operational flight dynamics applications}
}

@book{oliphant2006guideNumPy,
  title={A guide to NumPy},
  author={Oliphant, Travis E},
  volume={1},
  year={2006},
  publisher={Trelgol Publishing USA}
}

@article{opencv_library,
    author = {Bradski, G.},
    citeulike-article-id = {2236121},
    journal = {Dr. Dobb's Journal of Software Tools},
    keywords = {bibtex-import},
    posted-at = {2008-01-15 19:21:54},
    priority = {4},
    title = {{The OpenCV Library}},
    year = {2000}
}

@misc{openexr,
  title={OpenEXR},
  url={https://www.openexr.com/index.html}, 
  author={Academy Software Foundation},
  note={accessed: 31.01.2020}
  }