@article{Riedel2000AutonomousReport,
    title = {{Autonomous Optical Navigation (AutoNav) DS1 technology validation report}},
    year = {2000},
    journal = {Deep Space 1 technology validation reports(A 01-26126 06-12), Pasadena, CA, Jet Propulsion Laboratory(JPL Publication 00-10), 2000},
    author = {Riedel, Joseph E. and Bhaskaran, Shyam and Desai, S and Hand, D and Kennedy, Brian M. and McElrath, T and Ryne, Mark S.},
    url = {https://pdfs.semanticscholar.org/5288/bb8fba3189cb2910bfb6aa303bbabf2f68ce.pdf}
}

@article{Pajusalu2019CharacterizationMapping,
    title = {{Characterization of Asteroids Using Nanospacecraft Flybys and Simultaneous Localization and Mapping}},
    year = {2019},
    author = {Pajusalu, Mihkel and Slavinskis, Andris and Slavinskis, Andris},
    pages = {1--10},
    isbn = {9781538668542}
}

@article{Kohout2018FeasibilityStudy,
    title = {{Feasibility of asteroid exploration using CubeSatsâ€”ASPECT case study}},
    year = {2018},
    journal = {Advances in Space Research},
    author = {Kohout, Tomas and N{\"{a}}sil{\"{a}}, Antti and Tikka, Tuomas and Granvik, Mikael and Kestil{\"{a}}, Antti and Penttil{\"{a}}, Antti and Kuhno, Janne and Muinonen, Karri and Viherkanto, Kai and Kallio, Esa},
    number = {8},
    month = {10},
    pages = {2239--2244},
    volume = {62},
    url = {https://linkinghub.elsevier.com/retrieve/pii/S027311771730546X},
    doi = {10.1016/j.asr.2017.07.036},
    issn = {02731177},
    keywords = {Binary asteroid, CubeSat, Didymos, Impact, Kinetic impactor, Planetary defense, Space weathering, Spectroscopy}
}

@article{NavigationIac-16-b4.8.4,
    title = {{Iac-16-b4.8.4}},
    author = {Navigation, Autonomous and Dynamics, Spaceflight and Pulsar, Milli-second X-ray and Orbit, Low Lunar and Navigation, Autonomous and Network, Deep Space and Autonav, Thus and Satellitesdsn, Small and Barad, Kuldeep},
    pages = {1--12}
}

@inproceedings{Segret2018In-flightCubeSat,
    title = {{In-flight orbit determination for a deep space CubeSat}},
    year = {2018},
    booktitle = {2018 IEEE Aerospace Conference},
    author = {Segret, Boris and Hestroffer, Daniel and Quinsac, Gary and Agnan, Marco and Vannitsen, Jordan and Mosser, Benoit},
    number = {1},
    month = {3},
    pages = {1--12},
    volume = {2018-March},
    publisher = {IEEE},
    url = {https://ieeexplore.ieee.org/document/8396756/},
    isbn = {978-1-5386-2014-4},
    doi = {10.1109/AERO.2018.8396756},
    issn = {1095323X}
}

@inproceedings{Slavinskis2018NanospacecraftSails,
    title = {{Nanospacecraft fleet for multi-asteroid touring with electric solar wind sails}},
    year = {2018},
    booktitle = {2018 IEEE Aerospace Conference},
    author = {Slavinskis, Andris and Janhunen, Pekka and Toivanen, Petri and Muinonen, Karri and Penttila, Antti and Granvik, Mikael and Kohout, Tomas and Gritsevich, Maria and Slavinskis, Andris and Pajusalu, Mihkel and Sunter, Indrek and Ehrpais, Hendrik and Dalbins, Janis and Iakubivskyi, Iaroslav and Eenmae, Tonis and Pajusalu, Mihkel and Ilbis, Erik and Ehrpais, Hendrik and Muinonen, Karri and Gritsevich, Maria and Mauro, David and Stupl, Jan and Rivkin, Andrew S. and Bottke, William F.},
    month = {3},
    pages = {1--20},
    volume = {2018-March},
    publisher = {IEEE},
    url = {https://ieeexplore.ieee.org/document/8396670/},
    isbn = {978-1-5386-2014-4},
    doi = {10.1109/AERO.2018.8396670},
    issn = {1095323X}
}

@article{Zuccarelli2013Gravmod-2:Bodies,
    title = {{Gravmod-2: A new tool for precise gravitational modeling of planetary moons and small bodies}},
    year = {2013},
    journal = {Advances in the Astronautical Sciences},
    author = {Zuccarelli, Valentino and Weikert, Sven and Cadenas, Raul and Huertas, Irene},
    number = {June},
    pages = {991--1005},
    volume = {149},
    isbn = {3012916195890},
    issn = {00653438}
}