@article{zhou2016controlling,
  title={Controlling the motion of multiple objects on a Chladni plate},
  author={Zhou, Quan and Sariola, Veikko and Latifi, Kourosh and Liimatainen, Ville},
  journal={Nature communications},
  volume={7},
  pages={12764},
  year={2016},
  publisher={Nature Publishing Group}
}