@article{Pajusalu2019CharacterizationMapping,
    title = {{Characterization of Asteroids Using Nanospacecraft Flybys and Simultaneous Localization and Mapping}},
    year = {2019},
    author = {Pajusalu, Mihkel and Slavinskis, Andris and Slavinskis, Andris},
    pages = {1--10},
    isbn = {9781538668542}
}

@article{Kohout2018FeasibilityStudy,
    title = {{Feasibility of asteroid exploration using CubeSatsâ€”ASPECT case study}},
    year = {2018},
    journal = {Advances in Space Research},
    author = {Kohout, Tomas and N{\"{a}}sil{\"{a}}, Antti and Tikka, Tuomas and Granvik, Mikael and Kestil{\"{a}}, Antti and Penttil{\"{a}}, Antti and Kuhno, Janne and Muinonen, Karri and Viherkanto, Kai and Kallio, Esa},
    number = {8},
    month = {10},
    pages = {2239--2244},
    volume = {62},
    url = {https://linkinghub.elsevier.com/retrieve/pii/S027311771730546X},
    doi = {10.1016/j.asr.2017.07.036},
    issn = {02731177},
    keywords = {Binary asteroid, CubeSat, Didymos, Impact, Kinetic impactor, Planetary defense, Space weathering, Spectroscopy}
}

@inproceedings{Slavinskis2018NanospacecraftSails,
    title = {{Nanospacecraft fleet for multi-asteroid touring with electric solar wind sails}},
    year = {2018},
    booktitle = {2018 IEEE Aerospace Conference},
    author = {Slavinskis, Andris and Janhunen, Pekka and Toivanen, Petri and Muinonen, Karri and Penttila, Antti and Granvik, Mikael and Kohout, Tomas and Gritsevich, Maria and Slavinskis, Andris and Pajusalu, Mihkel and Sunter, Indrek and Ehrpais, Hendrik and Dalbins, Janis and Iakubivskyi, Iaroslav and Eenmae, Tonis and Pajusalu, Mihkel and Ilbis, Erik and Ehrpais, Hendrik and Muinonen, Karri and Gritsevich, Maria and Mauro, David and Stupl, Jan and Rivkin, Andrew S. and Bottke, William F.},
    month = {3},
    pages = {1--20},
    volume = {2018-March},
    publisher = {IEEE},
    url = {https://ieeexplore.ieee.org/document/8396670/},
    isbn = {978-1-5386-2014-4},
    doi = {10.1109/AERO.2018.8396670},
    issn = {1095323X}
}